<record><leader>00000cas a2200000 a 4500</leader><controlfield tag="001">244096762</controlfield><controlfield tag="007">hd bfu   baat</controlfield><controlfield tag="007">hd bfu   bact</controlfield><controlfield tag="008">080819d19001901nbuwr nea     0    0eng c</controlfield><datafield ind1=" " ind2=" " tag="010"><subfield code="a">  2008269502</subfield></datafield><datafield ind1=" " ind2=" " tag="040"><subfield code="a">LDL</subfield><subfield code="b">eng</subfield><subfield code="c">LDL</subfield><subfield code="d">OCLCQ</subfield><subfield code="d">OCLCF</subfield><subfield code="d">OCLCO</subfield><subfield code="d">OCLCQ</subfield></datafield><datafield ind1=" " ind2=" " tag="042"><subfield code="a">pcc</subfield></datafield><datafield ind1=" " ind2=" " tag="043"><subfield code="a">n-us-nb</subfield></datafield><datafield ind1="0" ind2="4" tag="245"><subfield code="a">The Atkinson plain dealer, Atkinson graphic and Holt County Republican--consolidated.</subfield></datafield><datafield ind1="1" ind2="3" tag="246"><subfield code="a">Atkinson plain dealer</subfield></datafield><datafield ind1=" " ind2=" " tag="260"><subfield code="a">Atkinson, Neb. :</subfield><subfield code="b">Lee W. Henry,</subfield><subfield code="c">1900-</subfield></datafield><datafield ind1=" " ind2=" " tag="300"><subfield code="a">volumes</subfield></datafield><datafield ind1=" " ind2=" " tag="310"><subfield code="a">Weekly</subfield></datafield><datafield ind1=" " ind2=" " tag="336"><subfield code="a">text</subfield><subfield code="b">txt</subfield><subfield code="2">rdacontent</subfield></datafield><datafield ind1=" " ind2=" " tag="337"><subfield code="a">microform</subfield><subfield code="b">h</subfield><subfield code="2">rdamedia</subfield></datafield><datafield ind1=" " ind2=" " tag="338"><subfield code="a">microfilm reel</subfield><subfield code="b">hd</subfield><subfield code="2">rdacarrier</subfield></datafield><datafield ind1="0" ind2=" " tag="362"><subfield code="a">Vol. 18, no. 19 (Aug. 2, 1900)-</subfield></datafield><datafield ind1="1" ind2=" " tag="362"><subfield code="a">Ceased in Dec. 1901.</subfield></datafield><datafield ind1=" " ind2=" " tag="580"><subfield code="a">Merger of: Atkinson plain dealer and graphic--consolidated (Atkinson, Neb. : 1899), and: Holt County Republican (Atkinson, Neb.).</subfield></datafield><datafield ind1=" " ind2=" " tag="533"><subfield code="a">Microfilm.</subfield><subfield code="m">1900-1901 : [Gaps]</subfield><subfield code="b">Lincoln, Neb. :</subfield><subfield code="c">Nebraska State Historical Society,</subfield><subfield code="d">1999.</subfield><subfield code="e">1 microfilm reels ; 35 mm.</subfield></datafield><datafield ind1=" " ind2="0" tag="651"><subfield code="a">Atkinson (Neb.)</subfield><subfield code="v">Newspapers.</subfield></datafield><datafield ind1=" " ind2="0" tag="651"><subfield code="a">Holt County (Neb.)</subfield><subfield code="v">Newspapers.</subfield></datafield><datafield ind1=" " ind2="7" tag="651"><subfield code="a">Nebraska</subfield><subfield code="z">Atkinson.</subfield><subfield code="2">fast</subfield><subfield code="0">(OCoLC)fst01275949</subfield></datafield><datafield ind1=" " ind2="7" tag="651"><subfield code="a">Nebraska</subfield><subfield code="z">Holt County.</subfield><subfield code="2">fast</subfield><subfield code="0">(OCoLC)fst01211913</subfield></datafield><datafield ind1=" " ind2="7" tag="655"><subfield code="a">Newspapers.</subfield><subfield code="2">fast</subfield><subfield code="0">(OCoLC)fst01423814</subfield></datafield><datafield ind1=" " ind2=" " tag="752"><subfield code="a">United States</subfield><subfield code="b">Nebraska</subfield><subfield code="c">Holt</subfield><subfield code="d">Atkinson.</subfield></datafield><datafield ind1="1" ind2="4" tag="780"><subfield code="t">Atkinson plain dealer and graphic-consolidated</subfield><subfield code="w">(DLC)  2008269501</subfield><subfield code="w">(OCoLC)244096684</subfield></datafield><datafield ind1="1" ind2="4" tag="780"><subfield code="t">Holt County Republican</subfield><subfield code="w">(DLC)sn 94055440</subfield><subfield code="w">(OCoLC)30707256</subfield></datafield><datafield ind1="0" ind2="0" tag="785"><subfield code="t">Atkinson graphic (Atkinson, Neb. : 1901)</subfield><subfield code="w">(DLC)sn 94055437</subfield><subfield code="w">(OCoLC)30711754</subfield></datafield></record>